@article{DBLP:journals/corr/abs-1805-12118,
  author    = {Andrew Collins and Jöran Beel and Dominika Tkaczyk},
  title     = {One-at-a-time: {A} Meta-Learning Recommender-System for Recommendation-Algorithm Selection on Micro Level},
  journal   = {CoRR},
  volume    = {abs/1805.12118},
  year      = {2018},
  url       = {http://arxiv.org/abs/1805.12118},
  archivePrefix = {arXiv},
  eprint    = {1805.12118},
  timestamp = {Wed, 06 Jun 2018 14:48:18 +0200},
  biburl    = {https://dblp.org/rec/bib/journals/corr/abs-1805-12118},
  bibsource = {dblp computer science bibliography, https://dblp.org}
}
@article{DBLP:journals/corr/abs-1708-08447,
  author    = {J{\"{o}}ran Beel},
  title     = {It's Time to Consider "Time" when Evaluating Recommender-System Algorithms [Proposal]},
  journal   = {CoRR},
  volume    = {abs/1708.08447},
  year      = {2017},
  url       = {http://arxiv.org/abs/1708.08447},
  archivePrefix = {arXiv},
  eprint    = {1708.08447},
  timestamp = {Tue, 05 Sep 2017 10:03:46 +0200},
  biburl    = {https://dblp.org/rec/bib/journals/corr/abs-1708-08447},
  bibsource = {dblp computer science bibliography, https://dblp.org}
}
@article{CUNHA2018128,
  title     = {Metalearning and Recommender Systems: A literature review and empirical study on the algorithm selection problem for Collaborative Filtering},
  journal   = {Information Sciences},
  volume    = {423},
  pages     = {128 - 144},
  year      = {2018},
  issn      = {0020-0255},
  doi       = {https://doi.org/10.1016/j.ins.2017.09.050},
  url       = {http://www.sciencedirect.com/science/article/pii/S0020025517309702},
  author    = {Tiago Cunha and Carlos Soares and André C.P.L.F. de Carvalho},
  keywords  = {Metalearning, Algorithm selection, Recommendation system, Collaborative Filtering}
}
@inproceedings{Ekstrand:2012:RFP:2365952.2366002,
  author    = {Ekstrand, Michael and Riedl, John},
  title     = {When Recommenders Fail: Predicting Recommender Failure for Algorithm Selection and Combination},
  booktitle = {Proceedings of the Sixth ACM Conference on Recommender Systems},
  series    = {RecSys '12},
  year      = {2012},
  location  = {Dublin, Ireland},
  pages     = {233--236},
  numpages  = {4},
  url       = {http://doi.acm.org/10.1145/2365952.2366002},
  doi       = {10.1145/2365952.2366002},
  acmid     = {2366002},
  publisher = {ACM},
  address   = {New York, NY, USA},
  keywords  = {evaluation, hybrid recommenders, recommender systems},
}
